@misc{Lecture,
  author = {Prof. Timo Kehrer der Universit√§t Bern},
  title  = {\textit{Vorlesung zu Compiler Construction}},
  year   = {2024},
}

@book{CompilersDragon,
  author = {Alfred V. Aho and Monica S. Lam and Ravi Sethi and Jeffrey D. Ullman},
  title  = {{Compilers: Principles, Techniques, and Tools (2nd Edition)}},
  year   = {2006},
}

@book{CodeGen:TableDriven,
  author = {Susan L. Graham},
  title  = {{Table-Driven Code Generation}},
  year   = {1982},
  note  = {[Online; Zugriff am 7.9.2024]},
}

@misc{img:Compiler-steps,
  author = {Bob Nystrom},
  title = {\textit{Crafting Interpreters: A Map of the Territory}},
  note = {\url{https://github.com/munificent/craftinginterpreters/blob/master/site/image/a-map-of-the-territory/mountain.png} [Online; Zugriff am 8.10.2024]},
}

@misc{img:AST,
  author = {Wikipedia},
  title = {\textit{Abstract Syntax Tree}},
  year = {\url{https://en.wikipedia.org/wiki/Abstract_syntax_tree} [Online; Zugriff am 8.10.2024]},
}



